@Manual{snowPackage,
  title = {snow: Simple Network of Workstations},
  author = {Luke Tierney and A. J. Rossini and Na Li and H. Sevcikova},
  year = {2016},
  note = {R package version 0.4-2},
  url = {https://CRAN.R-project.org/package=snow},
}
@Manual{snowfallPackage,
  title = {snowfall: Easier cluster computing (based on snow).},
  author = {Jochen Knaus},
  year = {2015},
  note = {R package version 1.84-6.1},
  url = {https://CRAN.R-project.org/package=snowfall},
}
@Article{codaPackage,
  title = {CODA: Convergence Diagnosis and Output Analysis for MCMC},
  author = {Martyn Plummer and Nicky Best and Kate Cowles and Karen Vines},
  journal = {R News},
  year = {2006},
  volume = {6},
  number = {1},
  pages = {7--11},
  url = {http://CRAN.R-project.org/doc/Rnews/},
  pdf = {http://CRAN.R-project.org/doc/Rnews/Rnews_2006-1.pdf},
}